@misc{Kanban,
  title        = "Quais são os principais tipos de métodos ágeis?",
  author       = "{Project Builder}",
  howpublished = "\url{https://www.projectbuilder.com.br/blog/quais-sao-os-principais-tipos-de-metodos-ageis/}",
  year         = "2021"
}

@misc{TripAdvisor,
  title        = "TripAdvisor",
  author       = "{No Autor Cited}",
  howpublished = "\url{https://pt.wikipedia.org/wiki/TripAdvisor}",
  year         = "2020"
}